<record><leader>00000cas a2200000 a 4500</leader><controlfield tag="001">11890626</controlfield><controlfield tag="008">850406d19701973hiuwr ne      0    0eng d</controlfield><datafield ind1=" " ind2=" " tag="010"><subfield code="a">sn 85047072 </subfield></datafield><datafield ind1=" " ind2=" " tag="040"><subfield code="a">HUH</subfield><subfield code="b">eng</subfield><subfield code="c">HUH</subfield><subfield code="d">HWN</subfield><subfield code="d">OCL</subfield><subfield code="d">OCLCQ</subfield><subfield code="d">OCLCF</subfield><subfield code="d">OCLCO</subfield></datafield><datafield ind1="1" ind2=" " tag="029"><subfield code="a">AU@</subfield><subfield code="b">000020372028</subfield></datafield><datafield ind1=" " ind2=" " tag="042"><subfield code="a">msc</subfield></datafield><datafield ind1=" " ind2=" " tag="043"><subfield code="a">n-us-hi</subfield></datafield><datafield ind1=" " ind2=" " tag="090"><subfield code="a">AN2</subfield><subfield code="b">.L34</subfield></datafield><datafield ind1="0" ind2=" " tag="130"><subfield code="a">Lahaina sun (Lahaina, Hawaii : 1970)</subfield></datafield><datafield ind1="1" ind2="4" tag="245"><subfield code="a">The Lahaina sun.</subfield></datafield><datafield ind1=" " ind2=" " tag="260"><subfield code="a">Lahaina, Maui [Hawaii] :</subfield><subfield code="b">Yellow Submarine Press,</subfield><subfield code="c">1970-1973.</subfield></datafield><datafield ind1=" " ind2=" " tag="300"><subfield code="a">3 v. :</subfield><subfield code="b">ill. ;</subfield><subfield code="c">38-41 cm.</subfield></datafield><datafield ind1=" " ind2=" " tag="310"><subfield code="a">Weekly</subfield></datafield><datafield ind1="0" ind2=" " tag="362"><subfield code="a">Vol. 1, no. 1 (Nov. 11, 1970)-year 3, issue 43 (Aug. 29, 1973).</subfield></datafield><datafield ind1=" " ind2=" " tag="500"><subfield code="a">"The weekly newspaper of Maui, Hawaii."</subfield></datafield><datafield ind1=" " ind2="0" tag="651"><subfield code="a">Maui (Hawaii)</subfield><subfield code="v">Newspapers.</subfield></datafield><datafield ind1=" " ind2="7" tag="655"><subfield code="a">Newspapers.</subfield><subfield code="2">fast</subfield><subfield code="0">(OCoLC)fst01423814</subfield></datafield><datafield ind1=" " ind2="7" tag="651"><subfield code="a">Hawaii</subfield><subfield code="z">Maui.</subfield><subfield code="2">fast</subfield><subfield code="0">(OCoLC)fst01239574</subfield></datafield><datafield ind1=" " ind2=" " tag="752"><subfield code="a">United States</subfield><subfield code="b">Hawaii</subfield><subfield code="c">Maui</subfield><subfield code="d">Lahaina.</subfield></datafield><datafield ind1="0" ind2="0" tag="785"><subfield code="t">Maui sun</subfield><subfield code="w">(DLC)sn 85047073</subfield><subfield code="w">(OCoLC)7052784</subfield></datafield></record>